@inproceedings{alexnet,
  title={Imagenet classification with deep convolutional neural networks},
  author={Krizhevsky, Alex and Sutskever, Ilya and Hinton, Geoffrey E},
  booktitle={Advances in neural information processing systems},
  pages={1097--1105},
  year={2012}
}

@inproceedings{inception,
  title={Going deeper with convolutions},
  author={Szegedy, Christian and Liu, Wei and Jia, Yangqing and Sermanet, Pierre and Reed, Scott and Anguelov, Dragomir and Erhan, Dumitru and Vanhoucke, Vincent and Rabinovich, Andrew},
  booktitle={Proceedings of the IEEE conference on computer vision and pattern recognition},
  pages={1--9},
  year={2015}
}

@article{imagenet,
Author = {Olga Russakovsky and Jia Deng and Hao Su and others},
Title = {{ImageNet Large Scale Visual Recognition Challenge}},
Year = {2015},
journal   = {International Journal of Computer Vision (IJCV)},
doi = {10.1007/s11263-015-0816-y},
volume={115},
number={3},
pages={211-252}
}

@misc{tensorflow,
title={ {TensorFlow}: Large-Scale Machine Learning on Heterogeneous Systems},
url={https://www.tensorflow.org/},
note={Software available from tensorflow.org},
author={
    Mart\'{\i}n~Abadi and Ashish~Agarwal and Paul~Barham and others},
  year={2015},
}

@article{adam,
  author    = {Diederik P. Kingma and
               Jimmy Ba},
  title     = {Adam: {A} Method for Stochastic Optimization},
  journal   = {CoRR},
  volume    = {abs/1412.6980},
  year      = {2014},
  url       = {http://arxiv.org/abs/1412.6980},
  archivePrefix = {arXiv},
  eprint    = {1412.6980},
  timestamp = {Wed, 07 Jun 2017 14:40:52 +0200},
  biburl    = {http://dblp.org/rec/bib/journals/corr/KingmaB14},
  bibsource = {dblp computer science bibliography, http://dblp.org}
}


